<?xml version="1.0" encoding="UTF-8"?><record xmlns="http://www.loc.gov/MARC21/slim" xmlns:cinclude="http://apache.org/cocoon/include/1.0" xmlns:zs="http://www.loc.gov/zing/srw/">
  <leader>00525nz  a2200133n  4500</leader>
  <controlfield tag="001">n  91028813 </controlfield>
  <controlfield tag="003">DLC</controlfield>
  <controlfield tag="005">19910322111537.8</controlfield>
  <controlfield tag="008">910322n| acannaab|          |n aaa |||  </controlfield>
  <datafield tag="010" ind1=" " ind2=" ">
    <subfield code="a">n  91028813 </subfield>
  </datafield>
  <datafield tag="040" ind1=" " ind2=" ">
    <subfield code="a">DLC</subfield>
    <subfield code="c">DLC</subfield>
  </datafield>
  <datafield tag="100" ind1="1" ind2="0">
    <subfield code="a">Westphal, Ernst Christian,</subfield>
    <subfield code="d">1737-1792</subfield>
  </datafield>
  <datafield tag="670" ind1=" " ind2=" ">
    <subfield code="a">His Ernst Christian Westphals, der Rechte und Philosophie Doctors und des erstern ordentlichen Professors, Versuch einer systematischen ErlaĚuterung ... 1770.</subfield>
  </datafield>
  <datafield tag="670" ind1=" " ind2=" ">
    <subfield code="a">Allg. deut. Biogr.</subfield>
    <subfield code="b">(Westphal, Ernst Christian, b.1-22-1737, d. 11-29-1792)</subfield>
  </datafield>
</record>